<?xml version="1.0" encoding="UTF-8"?><collection xmlns="http://www.loc.gov/MARC21/slim"><record><leader>00515nam--2200169-i-4500</leader><controlfield tag="001">000019059</controlfield><controlfield tag="002">20161230</controlfield><controlfield tag="005">20161230201033</controlfield><controlfield tag="008">060222s1000------------r-----000-0-eng-d</controlfield><datafield ind1=" " ind2=" " tag="040"><subfield code="a">IFIN-HH</subfield></datafield><datafield ind1=" " ind2=" " tag="080"><subfield code="a">621.039.51</subfield></datafield><datafield ind1="1" ind2=" " tag="100"><subfield code="a">Congdon, Steven Paul</subfield></datafield><datafield ind1="1" ind2="0" tag="245"><subfield code="a">The discrete spectrum of the plane-symmetry. boltzmann equation</subfield><subfield code="b">Disserttion</subfield><subfield code="c">Steven paul congdon</subfield></datafield><datafield ind1=" " ind2=" " tag="260"><subfield code="a">Ann Arbor, Michigan</subfield><subfield code="b">University Microfilms, Inc</subfield><subfield code="c">1966</subfield></datafield><datafield ind1=" " ind2=" " tag="300"><subfield code="a">V + 108 P</subfield></datafield><datafield ind1=" " ind2=" " tag="852"><subfield code="a">29967</subfield><subfield code="c">539.12</subfield></datafield><datafield ind1=" " ind2=" " tag="CAT"><subfield code="a">Sys</subfield><subfield code="c">20111117</subfield><subfield code="h">114923</subfield></datafield></record></collection>